@inproceedings{ErdwegBKKM15,
  author    = {Sebastian Erdweg and
               Oliver Bracevac and
               Edlira Kuci and
               Matthias Krebs and
               Mira Mezini},
  editor    = {Jonathan Aldrich and
               Patrick Eugster},
  title     = {A co-contextual formulation of type rules and its application to incremental
               type checking},
  booktitle = {Proceedings of the 2015 {ACM} {SIGPLAN} International Conference on
               Object-Oriented Programming, Systems, Languages, and Applications,
               {OOPSLA} 2015, part of {SPLASH} 2015, Pittsburgh, PA, USA, October
               25-30, 2015},
  pages     = {880--897},
  publisher = {{ACM}},
  year      = {2015},
  url       = {https://doi.org/10.1145/2814270.2814277},
  doi       = {10.1145/2814270.2814277},
  timestamp = {Tue, 06 Nov 2018 16:57:16 +0100},
  biburl    = {https://dblp.org/rec/conf/oopsla/ErdwegBKKM15.bib},
  bibsource = {dblp computer science bibliography, https://dblp.org}
}
@article{McBride03,
  author    = {Conor McBride},
  title     = {First-order unification by structural recursion},
  journal   = {J. Funct. Program.},
  volume    = {13},
  number    = {6},
  pages     = {1061--1075},
  year      = {2003},
  url       = {https://doi.org/10.1017/S0956796803004957},
  doi       = {10.1017/S0956796803004957},
  timestamp = {Wed, 14 Nov 2018 10:38:38 +0100},
  biburl    = {https://dblp.org/rec/journals/jfp/McBride03.bib},
  bibsource = {dblp computer science bibliography, https://dblp.org}
}
@article{Padovani15,
  author    = {Luca Padovani},
  title     = {Type Reconstruction for the Linear {\(\pi\)}-Calculus with Composite
               Regular Types},
  journal   = {Log. Methods Comput. Sci.},
  volume    = {11},
  number    = {4},
  year      = {2015},
  url       = {https://doi.org/10.2168/LMCS-11(4:13)2015},
  doi       = {10.2168/LMCS-11(4:13)2015},
  timestamp = {Thu, 25 Jun 2020 21:29:11 +0200},
  biburl    = {https://dblp.org/rec/journals/corr/Padovani15.bib},
  bibsource = {dblp computer science bibliography, https://dblp.org}
}
@article{DardhaGS17,
  author    = {Ornela Dardha and
               Elena Giachino and
               Davide Sangiorgi},
  title     = {Session types revisited},
  journal   = {Inf. Comput.},
  volume    = {256},
  pages     = {253--286},
  year      = {2017},
  url       = {https://doi.org/10.1016/j.ic.2017.06.002},
  doi       = {10.1016/j.ic.2017.06.002},
  timestamp = {Fri, 31 Jan 2020 14:19:02 +0100},
  biburl    = {https://dblp.org/rec/journals/iandc/DardhaGS17.bib},
  bibsource = {dblp computer science bibliography, https://dblp.org}
}
     

@article{deBruijn72,
title = "Lambda calculus notation with nameless dummies, a tool for automatic formula manipulation, with application to the Church-Rosser theorem",
author = "{Bruijn, de}, N.G.",
year = "1972",
doi = "10.1016/1385-7258(72)90034-0",
language = "English",
volume = "75",
pages = "381--392",
journal = "Indagationes Mathematicae (Proceedings)",
issn = "1385-7258",
number = "5",
}
